@inproceedings{Diakopoulos:2010:CDP:1753326.1753504,
 author = {Diakopoulos, Nicholas A. and Shamma, David A.},
 title = {Characterizing debate performance via aggregated twitter sentiment},
 booktitle = {Proceedings of the 28th international conference on Human factors in computing systems},
 series = {CHI '10},
 year = {2010},
 isbn = {978-1-60558-929-9},
 location = {Atlanta, Georgia, USA},
 pages = {1195--1198},
 numpages = {4},
 url = {http://doi.acm.org/10.1145/1753326.1753504},
 doi = {10.1145/1753326.1753504},
 acmid = {1753504},
 publisher = {ACM},
 address = {New York, NY, USA},
 keywords = {affect, annotation, debate, journalism, sentiment, tv, video},
} 

@article{DBLP:journals/corr/abs-1003-5699,
  author    = {Sitaram Asur and
               Bernardo A. Huberman},
  title     = {Predicting the Future with Social Media},
  journal   = {CoRR},
  volume    = {abs/1003.5699},
  year      = {2010},
  ee        = {http://arxiv.org/abs/1003.5699},
  bibsource = {DBLP, http://dblp.uni-trier.de}
}

@article{article:max-depth,
  author    = {Joseph Christian G. Noel},
  title     = {Wikipedia-based Text Classification},
  year      = {2010},
  url        = {http://cs.anu.edu.au/student/projects/10S2/Reports/Joseph\%20Noel.pdf}
}

@misc{wiki:bag-of-words,
   author = "Wikipedia",
   title = "Bag of words model --- {W}ikipedia{,} The Free Encyclopedia",
   year = "2012",
   url = "http://en.wikipedia.org/w/index.php?title=Bag_of_words_model&oldid=490968174",
   note = "[Online; accessed 15-May-2012]"
}
 
@misc{web:twitter-users,
   author = "Twitter",
   title = "Twitter Blog: Twitter turns six",
   year = "2012",
   url = "http://blog.twitter.com/2012/03/twitter-turns-six.html",
   note = "[Online; accessed 26-May-2012]"
}
 
@misc{wiki:ru-classification,
   author = "Wikipedia",
   title = "Задача классификации --- Википедия",
   year = "2012",
   howpublished = {http://ru.wikipedia.org/w/index.php?title=Задача\_классификации\&oldid=37736157},
   note = "[Online; accessed 16-May-2012]"
}

@misc{wiki:ru-clusterization,
   author = "Wikipedia",
   title = "Кластерный анализ --- Википедия",
   year = "2012",
   howpublished = {http://ru.wikipedia.org/w/index.php?title=Кластерный\_анализ\&oldid=44089894},
   note = "[Online; accessed 17-May-2012]"
}

@article{Horn_2010, 
    title={Analysis and Classification of Twitter messages Analyse und Kategorisierung von Twitter Nachrichten}, 
    url={http://know-center.tugraz.at/wp-content/uploads/2010/12/Master-Thesis-Christopher-Horn.pdf}, 
    number={April}, 
    journal={Arbeit}, 
    author={Horn, Christopher}, 
    year={2010}
}

@inproceedings{Genc:2011:DCC:2021773.2021833,
 author = {Genc, Yegin and Sakamoto, Yasuaki and Nickerson, Jeffrey V.},
 title = {Discovering context: classifying tweets through a semantic transform based on wikipedia},
 booktitle = {Proceedings of the 6th international conference on Foundations of augmented cognition: directing the future of adaptive systems},
 series = {FAC'11},
 year = {2011},
 isbn = {978-3-642-21851-4},
 location = {Orlando, FL},
 pages = {484--492},
 numpages = {9},
 url = {http://dl.acm.org/citation.cfm?id=2021773.2021833},
 acmid = {2021833},
 publisher = {Springer-Verlag},
 address = {Berlin, Heidelberg},
 keywords = {cognition, context, latent semantic analysis, semantics, text classification, wikipedia},
} 

@inproceedings{Gabrilovich:2004:TCM:1015330.1015388,
 author = {Gabrilovich, Evgeniy and Markovitch, Shaul},
 title = {Text categorization with many redundant features: using aggressive feature selection to make SVMs competitive with C4.5},
 booktitle = {Proceedings of the twenty-first international conference on Machine learning},
 series = {ICML '04},
 year = {2004},
 isbn = {1-58113-838-5},
 location = {Banff, Alberta, Canada},
 pages = {41--},
 url = {http://doi.acm.org/10.1145/1015330.1015388},
 doi = {10.1145/1015330.1015388},
 acmid = {1015388},
 publisher = {ACM},
 address = {New York, NY, USA},
} 

@inproceedings{Hu:2009:EIE:1645953.1646071,
 author = {Hu, Xia and Sun, Nan and Zhang, Chao and Chua, Tat-Seng},
 title = {Exploiting internal and external semantics for the clustering of short texts using world knowledge},
 booktitle = {Proceedings of the 18th ACM conference on Information and knowledge management},
 series = {CIKM '09},
 year = {2009},
 isbn = {978-1-60558-512-3},
 location = {Hong Kong, China},
 pages = {919--928},
 numpages = {10},
 url = {http://doi.acm.org/10.1145/1645953.1646071},
 doi = {10.1145/1645953.1646071},
 acmid = {1646071},
 publisher = {ACM},
 address = {New York, NY, USA},
 keywords = {clustering, semantic knowledge bases, short texts, syntactic structure},
} 

@inproceedings{Pelleg2000,
    author = {Dan Pelleg and Andrew W. Moore},
    booktitle = {Seventeenth International Conference on Machine Learning},
    pages = {727-734},
    publisher = {Morgan Kaufmann},
    title = {X-means: Extending K-means with Efficient Estimation of the Number of Clusters},
    year = {2000}
}

@article {MEET:MEET14504801186,
author = {Xu, Tan and Oard, Douglas W.},
title = {Wikipedia-based topic clustering for microblogs},
journal = {Proceedings of the American Society for Information Science and Technology},
volume = {48},
number = {1},
publisher = {Wiley Subscription Services, Inc., A Wiley Company},
issn = {1550-8390},
url = {http://dx.doi.org/10.1002/meet.2011.14504801186},
doi = {10.1002/meet.2011.14504801186},
pages = {1--10},
year = {2011},
}

@article{Go_Bhayani_Huang_2009, title={Twitter Sentiment Classification using Distant Supervision}, volume={150}, url={http://www.stanford.edu/~alecmgo/papers/TwitterDistantSupervision09.pdf}, number={12}, journal={Processing}, publisher={Ainsworth Press Ltd}, author={Go, Alec and Bhayani, Richa and Huang, Lei}, editor={Walker, Roger GEditor}, year={2009}, pages={1--6}}

@inproceedings{ramage2010characterizing,
  author={Daniel Ramage and Susan Dumais and Dan Liebling},
  title={Characterizing Microblogs with Topic Models},
  booktitle={ICWSM},
  year={2010},
  url={http://www.stanford.edu/~dramage/papers/twitter-icwsm10.pdf},
}

@article{Gabrilovich:2009:WSI:1622716.1622728,
 author = {Gabrilovich, Evgeniy and Markovitch, Shaul},
 title = {Wikipedia-based semantic interpretation for natural language processing},
 journal = {J. Artif. Int. Res.},
 issue_date = {January 2009},
 volume = {34},
 number = {1},
 month = mar,
 year = {2009},
 issn = {1076-9757},
 pages = {443--498},
 numpages = {56},
 url = {http://dl.acm.org/citation.cfm?id=1622716.1622728},
 acmid = {1622728},
 publisher = {AI Access Foundation},
 address = {USA},
} 

@inproceedings{Milne:2008:LLW:1458082.1458150,
 author = {Milne, David and Witten, Ian H.},
 title = {Learning to link with wikipedia},
 booktitle = {Proceedings of the 17th ACM conference on Information and knowledge management},
 series = {CIKM '08},
 year = {2008},
 isbn = {978-1-59593-991-3},
 location = {Napa Valley, California, USA},
 pages = {509--518},
 numpages = {10},
 url = {http://doi.acm.org/10.1145/1458082.1458150},
 doi = {10.1145/1458082.1458150},
 acmid = {1458150},
 publisher = {ACM},
 address = {New York, NY, USA},
 keywords = {data mining, semantic annotation, wikipedia, word sense disambiguation},
} 

@inproceedings{Sriram:2010:STC:1835449.1835643,
 author = {Sriram, Bharath and Fuhry, Dave and Demir, Engin and Ferhatosmanoglu, Hakan and Demirbas, Murat},
 title = {Short text classification in twitter to improve information filtering},
 booktitle = {Proceedings of the 33rd international ACM SIGIR conference on Research and development in information retrieval},
 series = {SIGIR '10},
 year = {2010},
 isbn = {978-1-4503-0153-4},
 location = {Geneva, Switzerland},
 pages = {841--842},
 numpages = {2},
 url = {http://doi.acm.org/10.1145/1835449.1835643},
 doi = {10.1145/1835449.1835643},
 acmid = {1835643},
 publisher = {ACM},
 address = {New York, NY, USA},
 keywords = {classification, feature selection, short text, twitter},
} 

@article {springerlink:10.1007/s10994-009-5103-0,
   author = {Aloise, Daniel and Deshpande, Amit and Hansen, Pierre and Popat, Preyas},
   affiliation = {École Polytechnique de Montréal Montreal H3C 3A7 Canada},
   title = {NP-hardness of Euclidean sum-of-squares clustering},
   journal = {Machine Learning},
   publisher = {Springer Netherlands},
   issn = {0885-6125},
   keyword = {Computer Science},
   pages = {245-248},
   volume = {75},
   issue = {2},
   url = {http://dx.doi.org/10.1007/s10994-009-5103-0},
   note = {10.1007/s10994-009-5103-0},
   year = {2009}
}

@article{DBLP:journals/corr/abs-0904-1113,
  author    = {David Arthur and
               Bodo Manthey and
               Heiko R{\"o}glin},
  title     = {k-Means has Polynomial Smoothed Complexity},
  journal   = {CoRR},
  volume    = {abs/0904.1113},
  year      = {2009},
  ee        = {http://arxiv.org/abs/0904.1113},
  bibsource = {DBLP, http://dblp.uni-trier.de}
}
